<?xml version="1.0" encoding="UTF-8"?><collection xmlns="http://www.loc.gov/MARC21/slim"><record><leader>00460nam--2200133-i-4500</leader><controlfield tag="001">000013483</controlfield><controlfield tag="002">20161230</controlfield><controlfield tag="005">20170207234754</controlfield><controlfield tag="008">060222s1000------------r-----000-0-eng-d</controlfield><datafield ind1=" " ind2=" " tag="245"><subfield code="a">Description of the radioactive waste combustion plant of ruthner industrieanlagenbau ag Vienna at the Research Center Seibersdorf near Vienna</subfield></datafield><datafield ind1=" " ind2=" " tag="260"><subfield code="a">Vienna</subfield><subfield code="b">The Research Center Seibersdorf</subfield><subfield code="c">/F.An</subfield></datafield><datafield ind1=" " ind2=" " tag="300"><subfield code="a">9 p</subfield></datafield><datafield ind1=" " ind2=" " tag="852"><subfield code="a">621.039.73(436)</subfield></datafield><datafield ind1=" " ind2=" " tag="CAT"><subfield code="a">SYS</subfield><subfield code="c">20170207</subfield><subfield code="h">234754</subfield></datafield></record></collection>